<record><leader>00000cas a22000007a 4500</leader><controlfield tag="001">8810619</controlfield><controlfield tag="008">820927d188u18uulauwr ne      0    0eng  </controlfield><datafield ind1=" " ind2=" " tag="010"><subfield code="a">sn 82014246 </subfield></datafield><datafield ind1=" " ind2=" " tag="040"><subfield code="a">DLC</subfield><subfield code="b">eng</subfield><subfield code="c">DLC</subfield><subfield code="d">LNP</subfield><subfield code="d">OCLCQ</subfield><subfield code="d">OCLCO</subfield><subfield code="d">OCLCQ</subfield><subfield code="d">OCLCF</subfield></datafield><datafield ind1=" " ind2=" " tag="012"><subfield code="a">3</subfield></datafield><datafield ind1="1" ind2=" " tag="029"><subfield code="a">AU@</subfield><subfield code="b">000025815327</subfield></datafield><datafield ind1=" " ind2=" " tag="042"><subfield code="a">msc</subfield></datafield><datafield ind1=" " ind2=" " tag="043"><subfield code="a">n-us-la</subfield></datafield><datafield ind1="0" ind2="0" tag="050"><subfield code="a">Newspaper 7946-X</subfield></datafield><datafield ind1="0" ind2="0" tag="245"><subfield code="a">Morgan City free press.</subfield></datafield><datafield ind1=" " ind2=" " tag="260"><subfield code="a">Morgan City, La. :</subfield><subfield code="b">[W.B. Gray]</subfield></datafield><datafield ind1=" " ind2=" " tag="300"><subfield code="a">v. ;</subfield><subfield code="c">69 cm.</subfield></datafield><datafield ind1=" " ind2=" " tag="310"><subfield code="a">Weekly</subfield></datafield><datafield ind1=" " ind2=" " tag="588"><subfield code="a">Description based on: Vol. 11, no. 15 (Apr. 11, 1889).</subfield></datafield><datafield ind1=" " ind2="0" tag="651"><subfield code="a">Morgan City (La.)</subfield><subfield code="v">Newspapers.</subfield></datafield><datafield ind1=" " ind2="7" tag="655"><subfield code="a">Newspapers.</subfield><subfield code="2">fast</subfield><subfield code="0">(OCoLC)fst01423814</subfield></datafield><datafield ind1=" " ind2="7" tag="651"><subfield code="a">Louisiana</subfield><subfield code="z">Morgan City.</subfield><subfield code="2">fast</subfield><subfield code="0">(OCoLC)fst01226280</subfield></datafield><datafield ind1=" " ind2=" " tag="752"><subfield code="a">United States</subfield><subfield code="b">Louisiana</subfield><subfield code="c">Saint Mary</subfield><subfield code="d">Morgan City.</subfield></datafield><datafield ind1="0" ind2="0" tag="780"><subfield code="t">Free press (Morgan City, La.)</subfield><subfield code="w">(DLC)sn 89059166</subfield></datafield><datafield ind1="0" ind2="0" tag="785"><subfield code="t">Independent Democrat (Morgan City, La.)</subfield><subfield code="w">(DLC)sn 88064551</subfield></datafield></record>